%% This BibTeX bibliography file was created using BibDesk.
%% http://bibdesk.sourceforge.net/


%% Created for Worakarn Isaratham at 2016-05-01 12:17:41 +0100 


%% Saved with string encoding Unicode (UTF-8) 



@article{hendrikx2013procedural,
	Author = {Hendrikx, Mark and Meijer, Sebastiaan and Van Der Velden, Joeri and Iosup, Alexandru},
	Date-Added = {2016-04-30 23:46:30 +0000},
	Date-Modified = {2016-04-30 23:46:30 +0000},
	Journal = {ACM Transactions on Multimedia Computing, Communications, and Applications (TOMM)},
	Number = {1},
	Pages = {1},
	Publisher = {ACM},
	Title = {Procedural content generation for games: A survey},
	Volume = {9},
	Year = {2013}}

@manual{jenetics-manual,
	Author = {Wilhelmst{\"o}tter, Franz},
	Date-Added = {2016-04-30 13:38:23 +0000},
	Date-Modified = {2016-04-30 13:40:30 +0000},
	Edition = {3.5.0},
	Month = {April},
	Title = {Jenetics Library User's Manual},
	Url = {http://jenetics.io/manual/manual-3.5.0.pdf},
	Year = {2016},
	Bdsk-Url-1 = {http://jenetics.io/manual/manual-3.5.0.pdf}}

@inproceedings{togelius2011procedural,
	title={What is procedural content generation?: Mario on the borderline},
	author={Togelius, Julian and Kastbjerg, Emil and Schedl, David and Yannakakis, Georgios N},
	booktitle={Proceedings of the 2nd International Workshop on Procedural Content Generation in Games},
	pages={3},
	year={2011},
	organization={ACM}
}

@inproceedings{stenstrom2013understanding,
	title={Understanding Computer Role-Playing Games-A Genre Analysis Based on Gameplay Features in Combat Systems},
	author={Stenstr{\"o}m, Christopher Dristig and Bj{\"o}rk, Staffan},
	booktitle={Workshop on Design Patterns in Games at Foundations of Digital Games 2013.},
	year={2013}
}

@article{marler2004survey,
	title={Survey of multi-objective optimization methods for engineering},
	author={Marler, R Timothy and Arora, Jasbir S},
	journal={Structural and multidisciplinary optimization},
	volume={26},
	number={6},
	pages={369--395},
	year={2004},
	publisher={Springer}
}

@article{pell1992metagame,
	title={METAGAME in symmetric chess-like games},
	author={Pell, Barney},
	year={1992},
	publisher={University of Cambridge Computer Laboratory}
}

@article{orwant2000eggg,
	title={EGGG: Automated programming for game generation},
	author={Orwant, Jonathan},
	journal={IBM Systems Journal},
	volume={39},
	number={3.4},
	pages={782--794},
	year={2000},
	publisher={IBM}
}

@inproceedings{hom2007automatic,
	title={Automatic design of balanced board games},
	author={Hom, Vincent and Marks, Joe},
	booktitle={Proceedings of the AAAI Conference on Artificial Intelligence and Interactive Digital Entertainment (AIIDE)},
	pages={25--30},
	year={2007}
}

@article{browne2010evolutionary,
	title={Evolutionary game design},
	author={Browne, Cameron and Maire, Frederic},
	journal={Computational Intelligence and AI in Games, IEEE Transactions on},
	volume={2},
	number={1},
	pages={1--16},
	year={2010},
	publisher={IEEE}
}

@incollection{browne2011yavalath,
	title={Yavalath},
	author={Browne, Cameron},
	booktitle={Evolutionary Game Design},
	pages={75--85},
	chapter={7},
	year={2011},
	publisher={Springer}
}

@inproceedings{smith2010variations,
	title={Variations forever: Flexibly generating rulesets from a sculptable design space of mini-games},
	author={Smith, Adam M and Mateas, Michael},
	booktitle={Computational Intelligence and Games (CIG), 2010 IEEE Symposium on},
	pages={273--280},
	year={2010},
	organization={IEEE}
}

@inproceedings{font7835card,
	title={A Card Game Description Language},
	author={Font, Jose M and Mahlmann, Tobias and Manrique, Daniel and Togelius, Julian},
	booktitle={Applications of Evolutionary Computing: 16th European Conference, EvoApplications 2013, Vienna, Austria, April 3-5, 2013, Proceedings},
	volume={7835},
	pages={254},
	year={2013},
	organization={Springer}
}

@inproceedings{dormans2012generating,
	title={Generating emergent physics for actionadventure games},
	author={Dormans, Joris},
	booktitle={3rd Workshop on Procedural Content Generation in Games},
	year={2012}
}

@inproceedings{kowalski15game,
	title={Game Description Language for Real-time Games},
	author={Kowalski, Jakub and Kisielewicz, Andrzej},
	booktitle={The IJCAI-15 Workshop on General Game Playing},
	pages={23}
}

@incollection{mahlmann2011towards,
	title={Towards procedural strategy game generation: Evolving complementary unit types},
	author={Mahlmann, Tobias and Togelius, Julian and Yannakakis, Georgios N},
	booktitle={Applications of Evolutionary Computation},
	pages={93--102},
	year={2011},
	publisher={Springer}
}

@inproceedings{togelius2010multiobjective,
	title={Multiobjective exploration of the starcraft map space},
	author={Togelius, Julian and Preuss, Mike and Beume, Nicola and Wessing, Simon and Hagelback, Johan and Yannakakis, Georgios N},
	booktitle={Computational Intelligence and Games (CIG), 2010 IEEE Symposium on},
	pages={265--272},
	year={2010},
	organization={IEEE}
}

@article{liapis2013generating,
	title={Generating Map Sketches for Strategy Games},
	author={Liapis, Antonios and Yannakakis, Georgios N and Togelius, Julian},
	journal={Applications of Evolutionary Computation},
	pages={264},
	year={2013},
	publisher={Springer}
}

@incollection{togelius2010search,
	title={Search-based procedural content generation},
	author={Togelius, Julian and Yannakakis, Georgios N and Stanley, Kenneth O and Browne, Cameron},
	booktitle={Applications of Evolutionary Computation},
	pages={141--150},
	year={2010},
	publisher={Springer}
}

@article{ebner2013towards,
	title={Towards a video game description language},
	author={Ebner, Marc and Levine, John and Lucas, Simon M and Schaul, Tom and Thompson, Tommy and Togelius, Julian},
	journal={Dagstuhl Follow-Ups},
	volume={6},
	year={2013},
	publisher={Schloss Dagstuhl-Leibniz-Zentrum fuer Informatik}
}

@inproceedings{togelius2008experiment,
	title={An experiment in automatic game design.},
	author={Togelius, Julian and Schmidhuber, J{\"u}rgen},
	booktitle={CIG},
	pages={111--118},
	year={2008}
}

@book{holzinger2014interactive,
	title={Interactive Knowledge Discovery and Data Mining in Biomedical Informatics: State-of-the-Art and Future Challenges},
	author={Holzinger, Andreas and Jurisica, Igor},
	volume={8401},
	year={2014},
	publisher={Springer}
}

@book{russell2010artificial,
	title={Artificial Intelligence: A Modern Approach},
	author={Russell, Stuart and Norvig, Peter},
	edition={3},
	year={2010},
	publisher={Prentice Hall}
}

@book{moore2011basics,
	title={Basics of game design},
	author={Moore, Michael},
	year={2011},
	publisher={CRC Press}
}

@book{levy2005robots,
	title={Robots unlimited: Life in a virtual age},
	author={Levy, David},
	year={2005},
	publisher={AK Peters}
}

@unpublished{pcgbook,
	Author = {Shaker, Noor and Togelius, Julian and Nelson, Mark J.},
	Note = {preprint on \url{http://pcgbook.com}, retrieved 2015-12-19},
	Title = {Procedural Content Generation in Games: A Textbook and an Overview of Current Research},
	Year = {2015}}

@book{irish2005game,
	title={The game producer's handbook},
	author={Irish, Dan},
	year={2005},
	publisher={Course Technology Press}
}

@book{barton2008dungeons,
	title={Dungeons and desktops: The history of computer role-playing games},
	author={Barton, Matt},
	year={2008},
	publisher={AK Peters}
}

@book{adams2010fundamentals,
	title={Fundamentals of game design},
	edition={2},
	author={Adams, Ernest},
	year={2010},
	publisher={Pearson Education}
}

@book{schell2008art,
	title={The Art of Game Design: A book of lenses},
	author={Schell, Jesse},
	year={2008},
	publisher={Morgan Kaufmann}
}

@book{brathwaite2009challenges,
	title={Challenges for game designers},
	author={Brathwaite, Brenda and Schreiber, Ian},
	year={2009},
	publisher={Nelson Education}
}

@misc{web-playingroles,
	Author = {Grosso, Robert},
	Date = {2015-08-21},
	Howpublished = {\url{http://techraptor.net/content/playing-roles-tactical-rpgs}},
	Title = {Playing Roles -- On Tactical-RPGs},
	Urldate = {2016-02-04}}

@misc{web-oldrepublic,
	Author = {Fritz, Ben and Pham, Alex},
	Date = {2012-01-20},
	Howpublished = {\url{http://herocomplex.latimes.com/games/star-wars-the-old-republic-the-story-behind-a-galactic-gamble/}},
	Title = {Star Wars: The Old Republic -- the story behind a galactic gamble},
	Urldate = {2016-05-01}}

@misc{web-expensivedevelop,
	Author = {T.C.},
	Date = {2014-09-24},
	Howpublished = {\url{http://www.economist.com/blogs/economist-explains/2014/09/economist-explains-15}},
	Title = {Why video games are so expensive to develop},
	Urldate = {2016-05-01}}

@misc{web-gta5,
	Author = {GameCentral},
	Date = {2013-09-09},
	Howpublished = {\url{http://metro.co.uk/2013/09/09/gta-5-is-biggest-budget-video-game-ever-at-265-million-3955201/}},
	Title = {GTA 5 is most expensive video game ever at \$265 million},
	Urldate = {2016-05-01}}


@misc{web-gamebigindustry,
	Author = {Goodkind, Nicole},
	Date = {2014-06-03},
	Howpublished = {\url{http://finance.yahoo.com/blogs/daily-ticker/how-the-video-game-industry-became-bigger-than-movies-and-music-171225174.html}},
	Title = {How the video game industry became bigger than movies and music},
	Urldate = {2016-05-01}}

@misc{web-gamesmarket2018,
	Author = {Newzoo},
	Date = {2015-05-18},
	Howpublished = {\url{https://newzoo.com/insights/articles/us-and-china-take-half-of-113bn-games-market-in-2018/}},
	Title = {Global report: US and China take half of \$113bn games market in 2018},
	Urldate = {2016-05-01}}

@misc{web-srpg,
	Author = {Newzoo},
	Date = {2016-03-18},
	Howpublished = {\url{https://mediacraft.rockuapps.com/articles/10-stategy-role-playing-games-that-you-would-like-to-check-out}},
	Title = {10 Strategy Role-Playing Games that you would like to check out},
	Urldate = {2016-05-03}}

@misc{web-7usesofprocgen,
	Author = {Moss, Richard},
	Date = {2016-01-01},
	Howpublished = {\url{http://www.gamasutra.com/view/news/262869/7_uses_of_procedural_generation_that_all_developers_should_study.php}},
	Title = {7 uses of procedural generation that all developers should study},
	Urldate = {2016-05-03}}

@misc{web-fftbmg,
	Author = {Aerostar and Rangan, Aaditya and Knave, Town},
	Date = {2004-11-10},
	Howpublished = {\url{http://www.gamefaqs.com/ps/197339-final-fantasy-tactics/faqs/3876}},
	Title = {{Final Fantasy Tactics}: battle mechanics guide},
	Version = {6.5},
	Urldate = {2016-05-20}}

@misc{web-flong,
	Author = {Levin, Golan},
	Year = {2006},
	Howpublished = {\url{http://www.flong.com/texts/code/shapers_bez/}},
	Title = {Bezier and Other Parametric Shaping Functions},
	Urldate = {2016-04-20}}

@misc{web-bezier,
	Author = {Kapusniak, Edmund},
	Year = {2013},
	Howpublished = {\url{http://edmund.birotanker.com/monotonic-bezier-curves-for-animation.html}},
	Title = {Monotonic Bézier Curves for Animation},
	Urldate = {2016-06-02}}

@misc{web-puzzlescript,
	Author = {Lavelle, Stephen},
	Year = {2013},
	Howpublished = {\url{http://www.puzzlescript.net/}},
	Title = {PuzzleScript},
	Urldate = {2016-05-02}}

@misc{web-speedtree,
	Author = {Lorditch, Emilie},
	Date = {2015-02-05},
	Howpublished = {\url{https://www.insidescience.org/content/science-behind-oscars-award-winning-trees-and-tresses/2541}},
	Title = {The Science Behind Oscar's Award-Winning Trees And Tresses},
	Urldate = {2016-04-02}}

@misc{wiki-runescapecombat,
	Author = {Jagex},
	Date = {2014-09-16},
	Howpublished = {\url{http://services.runescape.com/m=rswiki/en/Combat_Triangle_and_Tactics}},
	Title = {Combat Triangle and Tactics},
	Urldate = {2016-05-19}}

@software{sw-angband,
	author = {Harrison, Ben and Wilson, James E. and Koeneke, Robert A.},
	title = {Angband},
	url = {http://rephial.org/},
	version = {4.0.4},
	date = {2015-12-06},
}